@inproceedings{Araujo2011,
 author = {Araujo, Wladimir and Briand, Lionel C. and Labiche, Yvan},
 title = {Enabling the Runtime Assertion Checking of Concurrent Contracts for the Java Modeling Language},
 booktitle = {Proceedings of the 33rd International Conference on Software Engineering},
 series = {ICSE '11},
 year = {2011},
 isbn = {978-1-4503-0445-0},
 pages = {786--795},
 numpages = {10},
 acmid = {1985903},
 publisher = {ACM},
 address = {New York, NY, USA},
 keywords = {concurrency, design by contract, java, jml, object-oriented programming},
} 

@ARTICLE{Araujo2014, 
author={W. Araujo and L. C. Briand and Y. Labiche}, 
journal={IEEE Transactions on Software Engineering}, 
title={On the Effectiveness of Contracts as Test Oracles in the Detection and Diagnosis of Functional Faults in Concurrent Object-Oriented Software}, 
year={2014}, 
volume={40}, 
number={10}, 
pages={971-992}, 
keywords={Java;concurrency control;contracts;fault diagnosis;object-oriented methods;parallel programming;program compilers;program testing;software quality;software reliability;CCM;DbC;JML compiler;JMLC;Java modelling language;concurrent industrial software system;concurrent programs;concurrent software;contract complexity measure;design by contract;functional fault detection;functional fault diagnosing;object-oriented software quality;runtime assertion checking code;sequential programs;software development methodology;software engineering;target programming language;telecommunication domain;test oracles;Concurrent computing;Contracts;Interference;Java;Message systems;Programming;Software;Concurrent programming;Software Quality/SQA¿¿Measurement applied to SQA and V&V;Software/Program Verification¿¿Programming by contract;object-oriented programming}, 
doi={10.1109/TSE.2014.2339829}, 
ISSN={0098-5589}, 
month={Oct},}

@ARTICLE{ll, 
author={B. Fleming}, 
journal={IEEE Vehicular Technology Magazine}, 
title={An Overview of Advances in Automotive Electronics [Automotive Electronics]}, 
year={2014}, 
volume={9}, 
number={1}, 
pages={4-9}, 
keywords={automotive electronics;object detection;sensors;Mercedes;anticipatory body-suspension-control system;automotive electronics;magic body control;object detection sensors;overview;plethora-of-technology systems;Automotive electronics;Control systems}, 
doi={10.1109/MVT.2013.2295285}, 
ISSN={1556-6072}, 
month={March},}

@book{jj,
 author = {Meyer, Bertrand},
 title = {Object-Oriented Software Construction},
 year = {1988},
 isbn = {0136290493},
 edition = {1st},
 publisher = {Prentice-Hall, Inc.},
 address = {Upper Saddle River, NJ, USA},
} 

@article{ii,
 author = {Meyer, Bertrand},
 title = {Applying "Design by Contract"},
 journal = {Computer},
 issue_date = {October 1992},
 volume = {25},
 number = {10},
 month = oct,
 year = {1992},
 issn = {0018-9162},
 pages = {40--51},
 numpages = {12},
 doi = {10.1109/2.161279},
 acmid = {619797},
 publisher = {IEEE Computer Society Press},
 address = {Los Alamitos, CA, USA},
} 

@INPROCEEDINGS{ii5,
    author = {Yi Liu and H. Conrad Cunningham},
    title = {Software Component Specification Using Design by Contract},
    booktitle = {Proceeding of the South-East Software Engineering Conference, Tennessee Valley Chapter, National Defense Industry Association},
    year = {2002}
}

@article {ii4,
author = {Cheon, Yoonsik and Leavens, Gary and Sitaraman, Murali and Edwards, Stephen},
title = {Model variables: cleanly supporting abstraction in design by contract},
journal = {Software: Practice and Experience},
volume = {35},
number = {6},
publisher = {John Wiley & Sons, Ltd.},
issn = {1097-024X},
doi = {10.1002/spe.649},
pages = {583--599},
keywords = {assertions, model variables, runtime assertion checking, design by contract, Java language, JML language, specifications},
year = {2005},
}

@Inbook{ii3,
author="Th{\"u}m, Thomas
and Schaefer, Ina
and Kuhlemann, Martin
and Apel, Sven
and Saake, Gunter",
editor="de Lara, Juan
and Zisman, Andrea",
title="Applying Design by Contract to Feature-Oriented Programming",
bookTitle="Fundamental Approaches to Software Engineering: 15th International Conference, FASE 2012, Held as Part of the European Joint Conferences on Theory and Practice of Software, ETAPS 2012, Tallinn, Estonia, March 24 - April 1, 2012. Proceedings",
year="2012",
publisher="Springer Berlin Heidelberg",
address="Berlin, Heidelberg",
pages="255--269",
isbn="978-3-642-28872-2",
doi="10.1007/978-3-642-28872-2_18",
}

@book{rr,
 author = {Hevner, Alan and Chatterjee, Samir},
 title = {Design Research in Information Systems: Theory and Practice},
 year = {2010},
 isbn = {1441956522, 9781441956521},
 edition = {1st},
 publisher = {Springer Publishing Company, Incorporated},
} 

@misc{aa,
 author = {{AUTOSAR}},
 title = {AUTOSAR Technical Overview v2.2.2},
 year = {2012},
} 

@misc{pp,
 author = {{M. Jones and J. Haraldsson}},
 title = {D2.4 DEDICATE Framework Description},
 year = {2012},
}

@misc{bb,
 author = {{ISO}},
 title = {Road vehicles - Functional Safety - 26262-6. ISO},
 year = {2011},
}

@article{gg,
title = "A design science research methodology and its application to accounting information systems research ",
journal = "International Journal of Accounting Information Systems ",
volume = "12",
number = "2",
pages = "142 - 151",
year = "2011",
note = "Special Issue on Methodologies in \{AIS\} Research ",
issn = "1467-0895",
doi = "http://dx.doi.org/10.1016/j.accinf.2011.02.004",
url = "http://www.sciencedirect.com/science/article/pii/S1467089511000200",
author = "Guido L. Geerts",
keywords = "AIS",
keywords = "Artifact network",
keywords = "Design science research",
keywords = "DSRM "
}

@report{ContractsSystemsDesign,
 author = {Albert Benveniste and Benoît Caillaud and Dejan Nickovic and Roberto Passerone and Jean-Baptiste Raclet and Philipp Reinkemeier and Alberto Sangiovanni-Vincentelli and Werner Damm and Tom Henzinger and Kim Larsen},
 title = {Contracts for Systems Design},
 type = {Research Report N.8147},
 institution = {INRIA},
 year = {Research Report N.8147, INRIA, 2012},
}

@inproceedings{Knauss2016,
 author = {Knauss, Eric and Pelliccione, Patrizio and Heldal, Rogardt and $\AA$gren, Magnus and Hellman, Sofia and Maniette, Daniel},
 title = {Continuous Integration Beyond the Team: A Tooling Perspective on Challenges in the Automotive Industry},
 booktitle = {Proceedings of ESEM '16},
 year = {2016},
 isbn = {978-1-4503-4427-2},
 articleno = {43},
 numpages = {6},
 doi = {10.1145/2961111.2962639},
 acmid = {2962639},
 publisher = {ACM},
 keywords = {automotive systems engineering, continuous integration},
} 

@misc{ii1,
 author = {Meyer, Bertrand},
 title = {Design by Contract, Technical Report TR-EI-12/CO, Interactive Software Engineering Inc.},
 year = {1986},
}

@book{ii8,
 author = {Bass, Len and Clements, Paul and Kazman, Rick},
 title = {Software Architecture in Practice},
 year = {2012},
 isbn = {0321815734, 9780321815736},
 edition = {3rd},
 publisher = {Addison-Wesley Professional},
} 


@misc{cc,
	author = {{ISO/IEC/IEEE 24765:2010 Systems and software engineering - Vocabulary}},
	title = {Available at: \url{https://www.iso.org/obp/ui/#iso:std:iso-iec-ieee:24765:ed-1:v1:en}}
}

@inproceedings{dd,
 author = {Koopman, Philip and Sung, John and Dingman, Christopher and Siewiorek, Daniel and Marz, Ted},
 title = {Comparing Operating Systems Using Robustness Benchmarks},
 booktitle = {Proceedings of the 16th Symposium on Reliable Distributed Systems},
 series = {SRDS '97},
 year = {1997},
 isbn = {0-8186-8177-2},
 pages = {72--},
 url = {http://dl.acm.org/citation.cfm?id=829522.830926},
 acmid = {830926},
 publisher = {IEEE Computer Society},
 address = {Washington, DC, USA},
 keywords = {software reliability, software testing},
} 